<?xml version="1.0" encoding="UTF-8"?><collection xmlns="http://www.loc.gov/MARC21/slim"><record><leader>00356nam--2200133-i-4500</leader><controlfield tag="001">000033433</controlfield><controlfield tag="002">20161230</controlfield><controlfield tag="005">20161230201039</controlfield><controlfield tag="008">060222s1000------------r-----000-0-eng-d</controlfield><datafield ind1=" " ind2=" " tag="080"><subfield code="a">621.83</subfield></datafield><datafield ind1=" " ind2=" " tag="100"><subfield code="a">Maros, Desideriu</subfield></datafield><datafield ind1=" " ind2=" " tag="245"><subfield code="a">Teoria mecanismelor si a masinilor. cinematica rotilor dintate</subfield></datafield><datafield ind1=" " ind2=" " tag="260"><subfield code="a">Bucuresti, Ed. Tehnica, 1958. 327p</subfield></datafield><datafield ind1=" " ind2=" " tag="852"><subfield code="a">6034</subfield></datafield></record></collection>